<record><leader>00000cas a2200000 a 4500</leader><controlfield tag="001">11798561</controlfield><controlfield tag="008">850313d18951896ksuwr ne      0   a0eng d</controlfield><datafield ind1=" " ind2=" " tag="010"><subfield code="a">sn 85030143 </subfield></datafield><datafield ind1=" " ind2=" " tag="040"><subfield code="a">KSH</subfield><subfield code="b">eng</subfield><subfield code="c">KSH</subfield><subfield code="d">NPT</subfield><subfield code="d">OCL</subfield><subfield code="d">OCLCQ</subfield></datafield><datafield ind1=" " ind2=" " tag="042"><subfield code="a">msc</subfield></datafield><datafield ind1="0" ind2="0" tag="245"><subfield code="a">Linn County republic and Mound City progress.</subfield></datafield><datafield ind1=" " ind2=" " tag="260"><subfield code="a">Mound City, Kan. :</subfield><subfield code="b">Republic Pub. Co.,</subfield><subfield code="c">1895-1896.</subfield></datafield><datafield ind1=" " ind2=" " tag="300"><subfield code="a">2 v. ;</subfield><subfield code="c">55-61 cm.</subfield></datafield><datafield ind1=" " ind2=" " tag="310"><subfield code="a">Weekly</subfield></datafield><datafield ind1="0" ind2=" " tag="362"><subfield code="a">Vol. 11, no. 40 (Jan. 11, 1895)-v. 12, no. 43 (Feb. 7, 1896).</subfield></datafield><datafield ind1=" " ind2=" " tag="752"><subfield code="a">United States</subfield><subfield code="b">Kansas</subfield><subfield code="c">Linn</subfield><subfield code="d">Mound City.</subfield></datafield><datafield ind1="0" ind2="0" tag="780"><subfield code="t">Mound City progress</subfield><subfield code="w">(DLC)sn 85030144</subfield></datafield><datafield ind1="0" ind2="0" tag="785"><subfield code="t">Linn County republic</subfield><subfield code="w">(DLC)sn 85030142</subfield></datafield></record>